@misc{projectslide,
  title={Project Related Discussion},
  author={Oancea, Cosmin E.},
  year={2015}
}